@article{example,
  author = {John Doe},
  title = {Example Article},
  journal = {Journal of Examples},
  year = {2023},
  volume = {1},
  number = {1},
  pages = {1-10},
}
